@article{dean2019design,
  title={Design of vaccine efficacy trials during public health emergencies},
  author={Dean, Natalie E and Gsell, Pierre-St{\'e}phane and Brookmeyer, Ron and De Gruttola, Victor and Donnelly, Christl A and Halloran, M Elizabeth and Jasseh, Momodou and Nason, Martha and Riveros, Ximena and Watson, Conall H and others},
  journal={Science translational medicine},
  volume={11},
  number={499},
  year={2019},
  publisher={American Association for the Advancement of Science}
}

@article{flor2020comparison,
  title={Comparison of Bayesian and frequentist methods for prevalence estimation under misclassification},
  author={Flor, Matthias and Weiss, Michael and Selhorst, Thomas and Muller-Graf, Christine and Greiner, Matthias},
  journal={BMC public health},
  volume={20},
  number={1},
  pages={1--10},
  year={2020},
  publisher={BioMed Central}
}

@@article{dagan2021bnt162b2,
  title={BNT162b2 mRNA Covid-19 vaccine in a nationwide mass vaccination setting},
  author={Dagan, Noa and Barda, Noam and Kepten, Eldad and Miron, Oren and Perchik, Shay and Katz, Mark A and Hern{\'a}n, Miguel A and Lipsitch, Marc and Reis, Ben and Balicer, Ran D},
  journal={New England Journal of Medicine},
  volume={384},
  number={15},
  pages={1412--1423},
  year={2021},
  publisher={Mass Medical Soc}
}

@article{polack2020safety,
  title={Safety and efficacy of the BNT162b2 mRNA Covid-19 vaccine},
  author={Polack, Fernando P and Thomas, Stephen J and Kitchin, Nicholas and Absalon, Judith and Gurtman, Alejandra and Lockhart, Stephen and Perez, John L and P{\'e}rez Marc, Gonzalo and Moreira, Edson D and Zerbini, Cristiano and others},
  journal={New England Journal of Medicine},
  volume={383},
  number={27},
  pages={2603--2615},
  year={2020},
  publisher={Mass Medical Soc}
}

@article{baden2021efficacy,
  title={Efficacy and safety of the mRNA-1273 SARS-CoV-2 vaccine},
  author={Baden, Lindsey R and El Sahly, Hana M and Essink, Brandon and Kotloff, Karen and Frey, Sharon and Novak, Rick and Diemert, David and Spector, Stephen A and Rouphael, Nadine and Creech, C Buddy and others},
  journal={New England Journal of Medicine},
  volume={384},
  number={5},
  pages={403--416},
  year={2021},
  publisher={Mass Medical Soc}
}

@article{rogan1978estimating,
  title={Estimating prevalence from the results of a screening test},
  author={Rogan, Walter J and Gladen, Beth},
  journal={American journal of epidemiology},
  volume={107},
  number={1},
  pages={71--76},
  year={1978},
  publisher={Oxford University Press}
}
@article{lang2014confidence,
  title={Confidence limits for prevalence of disease adjusted for estimated sensitivity and specificity},
  author={Lang, Zsolt and Reiczigel, Jen{\H{o}}},
  journal={Preventive veterinary medicine},
  volume={113},
  number={1},
  pages={13--22},
  year={2014},
  publisher={Elsevier}
}

@article{reiczigel2010exact,
  title={Exact confidence limits for prevalence of a disease with an imperfect diagnostic test},
  author={Reiczigel, J and F{\"o}ldi, J and {\'O}zsv{\'a}ri, L},
  journal={Epidemiology \& Infection},
  volume={138},
  number={11},
  pages={1674--1678},
  year={2010},
  publisher={Cambridge University Press}
}

@article{endo2020bias,
  title={Bias correction methods for test-negative designs in the presence of misclassification},
  author={Endo, Akira and Funk, Sebastian and Kucharski, Adam J},
  journal={Epidemiology \& Infection},
  volume={148},
  year={2020},
  publisher={Cambridge University Press}
}

@article{jackson2021differences,
  title={Differences between Frequentist and Bayesian inference in routine surveillance for influenza vaccine effectiveness: a test-negative case-control study},
  author={Jackson, Michael L and Ferdinands, Jill and Nowalk, Mary Patricia and Zimmerman, Richard K and Kieke, Burney and Gaglani, Manjusha and Murthy, Kempapura and Petrie, Joshua G and Martin, Emily T and Chung, Jessie R and others},
  journal={BMC public health},
  volume={21},
  number={1},
  pages={1--8},
  year={2021},
  publisher={Springer}
}

@article{haber2015probability,
  title={A probability model for evaluating the bias and precision of influenza vaccine effectiveness estimates from case-control studies},
  author={Haber, M and An, Q and Foppa, IM and Shay, DK and Ferdinands, JM and Orenstein, WA},
  journal={Epidemiology \& Infection},
  volume={143},
  number={7},
  pages={1417--1426},
  year={2015},
  publisher={Cambridge University Press}
}

@article{larremore2020jointly,
  title={Jointly modeling prevalence, sensitivity and specificity for optimal sample allocation},
  author={Larremore, Daniel B and Fosdick, Bailey K and Zhang, Sam and Grad, Yonatan H},
  journal={bioRxiv},
  year={2020},
  publisher={Cold Spring Harbor Laboratory}
}
@article{fukushima2017basic,
  title={Basic principles of test-negative design in evaluating influenza vaccine effectiveness},
  author={Fukushima, Wakaba and Hirota, Yoshio},
  journal={Vaccine},
  volume={35},
  number={36},
  pages={4796--4800},
  year={2017},
  publisher={Elsevier}
}

@article{lipsitch2020understanding,
  title={Understanding COVID-19 vaccine efficacy},
  author={Lipsitch, Marc and Dean, Natalie E},
  journal={Science},
  volume={370},
  number={6518},
  pages={763--765},
  year={2020},
  publisher={American Association for the Advancement of Science}
}

@article{greenland2009bayesian,
  title={Bayesian perspectives for epidemiologic research: III. Bias analysis via missing-data methods},
  author={Greenland, Sander},
  journal={International journal of epidemiology},
  volume={38},
  number={6},
  pages={1662--1673},
  year={2009},
  publisher={Oxford University Press}
}


@article{gelman2020bayesian,
  title={Bayesian analysis of tests with unknown specificity and sensitivity},
  author={Gelman, Andrew and Carpenter, Bob},
  journal={Journal of the Royal Statistical Society: Series C (Applied Statistics)},
  volume={69},
  number={5},
  pages={1269--1283},
  year={2020},
  publisher={Wiley Online Library}
}

@article{greenland2006bayesian,
  title={Bayesian perspectives for epidemiological research: I. Foundations and basic methods},
  author={Greenland, Sander},
  journal={International journal of epidemiology},
  volume={35},
  number={3},
  pages={765--775},
  year={2006},
  publisher={Oxford University Press}
}